<?xml version="1.0" encoding="UTF-8"?><collection xmlns="http://www.loc.gov/MARC21/slim"><record><leader>00535nam--2200181-i-4500</leader><controlfield tag="001">000032928</controlfield><controlfield tag="002">20161230</controlfield><controlfield tag="005">20161230201039</controlfield><controlfield tag="008">060222s1000------------r-----000-0-eng-d</controlfield><datafield ind1=" " ind2=" " tag="040"><subfield code="a">IFIN-HH</subfield></datafield><datafield ind1=" " ind2=" " tag="080"><subfield code="a">523</subfield></datafield><datafield ind1="1" ind2=" " tag="100"><subfield code="a">Marton, L</subfield></datafield><datafield ind1="1" ind2="0" tag="245"><subfield code="a">Methods of experimental physics. vol. 12. astrophysics. part a. optical and infrared</subfield><subfield code="c">L. marton (editor-in-chief) n. carleton (ed.)</subfield></datafield><datafield ind1=" " ind2=" " tag="260"><subfield code="a">New York</subfield><subfield code="b">Academic Press</subfield><subfield code="c">1974</subfield></datafield><datafield ind1=" " ind2=" " tag="300"><subfield code="a">XIX+587P</subfield></datafield><datafield ind1="1" ind2=" " tag="700"><subfield code="a">Carleton, N</subfield><subfield code="e">Ed</subfield></datafield><datafield ind1=" " ind2=" " tag="852"><subfield code="a">14584</subfield><subfield code="c">53</subfield></datafield><datafield ind1=" " ind2=" " tag="CAT"><subfield code="a">Sys</subfield><subfield code="c">20150211</subfield><subfield code="h">202512</subfield></datafield></record></collection>